@article{RN61,
   author = {Aisha, H. A. and Hamza, Y. A. and Waziri, M. Y.},
   title = {On expanding $\frac 3 n $ into three term {Egyptian} fractions},
   journal = {IOSR Journal of Mathematics},
   volume = {10},
   number = {6},
   pages = {51--53},
   ISSN = {2319-765X},
   DOI = {10.9790/5728-10615153},
   year = {2014},
   type = {Journal Article}
}

@article{RN16,
   author = {Ambro, Florin and Barc\u{a}u, Mugurel},
   title = {On Representations by Egyptian Fractions},
   issuetitle = {Dedicated to Professor Lucian B{\v a}descu on the occasion of his 70\textsuperscript{th} birthday},
   journal = {Revue Roumaine de Math{\'e}matiques Pures et Appliqu{\'e}es},
   volume = {60},
   number = {3},
   pages = {331--336},
   ISSN = {0035-3965},
   year = {2015},
   type = {Journal Article}
}

@article{RN122,
   author = {Bachman, Gennady and Kessler, Troy},
   title = {On divisibility properties of certain multinomial coefficients---II},
   journal = {Journal of Number Theory},
   volume = {106},
   number = {1},
   pages = {1--12},
   DOI = {10.1016/j.jnt.2003.12.001},
   year = {2004},
   type = {Journal Article}
}

@article{RN49,
   author = {Banderier, Cyril and Ruiz, Carlos Alexis G{\'o}mez and Luca, Florian and Pappalardi, Francesco and Trevi{\~n}o, Enrique},
   title = {On Egyptian fractions of length 3},
   journal = {Revista de la Uni{\'o}n Matem{\'a}tica Argentina},
   volume = {62},
   number = {1},
   pages = {257--274},
   DOI = {10.33044/revuma.1798},
   year = {2021},
   type = {Journal Article}
}
